@book{Barcelos2011,
	author = {Célia A. Zorzo Barcelos and Eliana X. L. de Andrade and Maurilio Boaventura},
	title = {Métodos Estocásticos de Otimização: Algoritmos Genéticos e Evolução Diferencial},
	year = {2011},
	publisher = {Sociedade Brasileira de Matemática Aplicada e Computacional}, % Adicione o nome do editor, se disponível
	address = {São Carlos, Brasil}, % Adicione o local de publicação, se disponível
}

@article{Silva2021,
	abstract = {O surto da doença provocada pelo novo coronavírus em 2019 (COVID-19) começou em dezembro de 2019 e rapidamente espalhou-se pelo mundo como uma grande ameaça à saúde. Diversos relatos de casos positivos após alta hospitalar têm chamado a atenção de pesquisadores ao redor do mundo. Desta forma, o presente estudo busca relatar os principais resultados das mais recentes evidências científicas a respeito da temática. Para tanto, foi realizada uma revisão narrativa utilizando as principais bases de dados contidas na Biblioteca Virtual em Saúde, a saber, Medical Literature Analysis and Retrieval System Online – MEDLINE e Literatura Latino-Americana e do Caribe em Ciências da Saúde – LILACS. A curta duração da soropositividade para anticorpos neutralizantes, a presença de mais de variantes genotípicas do vírus, além de os níveis de imunoglobulina poderem não se correlacionar com a eliminação viral e o risco de transmissibilidade de SARS-CoV-2 aumentam os riscos de reinfecção pelo vírus, tornando extremamente necessária a disseminação de medidas de prevenção a infecção, até que mais aspectos do vírus sejam conhecidos e que haja uma vacina eficaz e capaz de promover a imunidade coletiva.},
	author = {Wellington Manoel da Silva and Maria Eduarda da Silva and Jociéllen Maria Gomes de Lima and Analice Pereira Canejo Ferreira and Francisca Vanessa de Oliveira},
	doi = {10.33448/rsd-v10i1.12016},
	issue = {1},
	journal = {Research, Society and Development},
	title = {Reinfecção por COVID-19: Uma revisão das novas evidências},
	volume = {10},
	year = {2021},
}
